101 123123123 1231231231111020756A094101COMMERCE BANK          MYCOMPANY                      
5225MY COMPANY                          11-11111  WEBTV-TELCOM NOV 02111102   1000000000000001
627010010101103030030        000000250161242882282    JOHN SMITH            S 0               
705foo bar                                                                         00010000001
8225000002000100101000000000250100000000000011-11111                           000000000000001
5225MY COMPANY                          11-11111  TELTV-TELCOM NOV 02111102   1000000000000002
627010010101103030030        000000250161242882282    JOHN SMITH            S 0               
705foo bar                                                                         00010000001
8225000002000100101000000000250100000000000011-11111                           000000000000002
9000002000001000000040002002020000000005002000000000000                                       
